<record><leader>00000cas a22000007a 4500</leader><controlfield tag="001">14879690</controlfield><controlfield tag="008">861126d18651865inuwr ne      0    0eng d</controlfield><datafield ind1=" " ind2=" " tag="010"><subfield code="a">sn 86059189 </subfield></datafield><datafield ind1=" " ind2=" " tag="040"><subfield code="a">NPI</subfield><subfield code="b">eng</subfield><subfield code="c">NPI</subfield><subfield code="d">OCLCQ</subfield></datafield><datafield ind1=" " ind2=" " tag="042"><subfield code="a">msc</subfield></datafield><datafield ind1="0" ind2=" " tag="130"><subfield code="a">Newton gazette (Kent Station, Ind.)</subfield></datafield><datafield ind1="1" ind2="0" tag="245"><subfield code="a">Newton gazette.</subfield></datafield><datafield ind1=" " ind2=" " tag="260"><subfield code="a">Kent Station [Kentland] Ind. :</subfield><subfield code="b">Straight &amp; Watson,</subfield><subfield code="c">1865.</subfield></datafield><datafield ind1=" " ind2=" " tag="310"><subfield code="a">Weekly</subfield></datafield><datafield ind1="0" ind2=" " tag="362"><subfield code="a">Vol. 1, no. 1 (Feb. 2, 1865)-v. 1, no. 39 (Oct. 31, 1865).</subfield></datafield><datafield ind1=" " ind2=" " tag="500"><subfield code="a">Kentland was called Kent, Kent Station and Adriance prior to 1868.</subfield></datafield><datafield ind1=" " ind2=" " tag="752"><subfield code="a">United States</subfield><subfield code="b">Indiana</subfield><subfield code="c">Newton</subfield><subfield code="d">Kentland.</subfield></datafield><datafield ind1=" " ind2=" " tag="752"><subfield code="a">United States</subfield><subfield code="b">Indiana</subfield><subfield code="c">Newton</subfield><subfield code="d">Kent Station.</subfield></datafield><datafield ind1="0" ind2="0" tag="785"><subfield code="t">Citizen (Kent Station, Ind.)</subfield><subfield code="w">(DLC)sn 86059191</subfield></datafield></record>